<record><leader>00000cas a22000007a 4500</leader><controlfield tag="001">28342694</controlfield><controlfield tag="008">930626d19061918okuwr ne      0    0eng d</controlfield><datafield ind1=" " ind2=" " tag="010"><subfield code="a">sn 93066078 </subfield></datafield><datafield ind1=" " ind2=" " tag="040"><subfield code="a">OBN</subfield><subfield code="b">eng</subfield><subfield code="c">OBN</subfield><subfield code="d">OCL</subfield><subfield code="d">OCLCQ</subfield><subfield code="d">OCLCO</subfield></datafield><datafield ind1="1" ind2=" " tag="029"><subfield code="a">AU@</subfield><subfield code="b">000020746541</subfield></datafield><datafield ind1=" " ind2=" " tag="042"><subfield code="a">msc</subfield></datafield><datafield ind1=" " ind2=" " tag="043"><subfield code="a">n-us-ok</subfield></datafield><datafield ind1="0" ind2="0" tag="245"><subfield code="a">Beaver County republican.</subfield></datafield><datafield ind1=" " ind2=" " tag="260"><subfield code="a">Ecter, Beaver County, Okla. :</subfield><subfield code="b">H.W. Hill Pub.</subfield></datafield><datafield ind1=" " ind2=" " tag="300"><subfield code="a">v.</subfield></datafield><datafield ind1=" " ind2=" " tag="310"><subfield code="a">Weekly</subfield></datafield><datafield ind1="0" ind2=" " tag="362"><subfield code="a">-v. 13, no. 5 (Feb. 15, 1918).</subfield></datafield><datafield ind1="1" ind2=" " tag="362"><subfield code="a">Began in 1906.</subfield></datafield><datafield ind1=" " ind2=" " tag="500"><subfield code="a">Published in Plainview, Okla., Jan. 6, 1911-Feb. 16, 1912.</subfield></datafield><datafield ind1=" " ind2=" " tag="500"><subfield code="a">Published in Gray, Okla., Feb. 23, 1912-Feb. 15, 1918.</subfield></datafield><datafield ind1=" " ind2=" " tag="588"><subfield code="a">Description based on: Vol. 2, no. 35 (Sept. 20, 1907).</subfield></datafield><datafield ind1=" " ind2="0" tag="651"><subfield code="a">Gray (Okla.)</subfield><subfield code="v">Newspapers.</subfield></datafield><datafield ind1=" " ind2="0" tag="651"><subfield code="a">Plainview (Okla.)</subfield><subfield code="v">Newspapers.</subfield></datafield><datafield ind1=" " ind2="0" tag="651"><subfield code="a">Ecter (Okla.)</subfield><subfield code="v">Newspapers.</subfield></datafield><datafield ind1=" " ind2="0" tag="651"><subfield code="a">Beaver County (Okla.)</subfield><subfield code="v">Newspapers.</subfield></datafield><datafield ind1=" " ind2=" " tag="752"><subfield code="a">United States</subfield><subfield code="b">Oklahoma</subfield><subfield code="c">Beaver</subfield><subfield code="d">Gray.</subfield></datafield><datafield ind1=" " ind2=" " tag="752"><subfield code="a">United States</subfield><subfield code="b">Oklahoma</subfield><subfield code="c">Beaver</subfield><subfield code="d">Plainview.</subfield></datafield><datafield ind1=" " ind2=" " tag="752"><subfield code="a">United States</subfield><subfield code="b">Oklahoma</subfield><subfield code="c">Beaver</subfield><subfield code="d">Ecter.</subfield></datafield><datafield ind1="0" ind2="4" tag="785"><subfield code="t">Democrat (Beaver, Okla.)</subfield><subfield code="w">(DLC)sn 93066074</subfield><subfield code="w">(OCoLC)28354250</subfield></datafield></record>